@misc{shuklasingularity,
      title={Singularity: Planet-Scale, Preemptive and Elastic Scheduling of AI Workloads}, 
      author={Dharma Shukla and Muthian Sivathanu and Srinidhi Viswanatha and Bhargav Gulavani and Rimma Nehme and Amey Agrawal and Chen Chen and Nipun Kwatra and Ramachandran Ramjee and Pankaj Sharma and Atul Katiyar and Vipul Modi and Vaibhav Sharma and Abhishek Singh and Shreshth Singhal and Kaustubh Welankar and Lu Xun and Ravi Anupindi and Karthik Elangovan and Hasibur Rahman and Zhou Lin and Rahul Seetharaman and Cheng Xu and Eddie Ailijiang and Suresh Krishnappa and Mark Russinovich},
      year={2022},
      eprint={2202.07848},
      archivePrefix={arXiv},
      primaryClass={cs.DC}
}